







Movimientos del Día

Cuenta Corriente en Pesos Nro. 009-016166/2

Fecha	Suc. Origen	Desc. Sucursal	Cod. Operativo	Referencia	Concepto	Importe Pesos	Saldo Pesos	
16/01/2026	0009	Bernal	2002	000010129	Retencion Arba Alicuota J  - Resp:30715880926 / 0,80% Sobre $144.200,00 	(1.153,60)	0,00
17/01/2026	0000	Casa Central	4805	000552141	Transferencia Recibida  - De Moreyra, Yanina Denise / Varios - Var / 27367614213 	2.000,00	0,00
17/01/2026	0000	Casa Central	4805	033359715	Transferencia Recibida  - De De/luca Javier Rodrigo / - Var / 20294609157 	20.000,00	0,00
17/01/2026	0000	Casa Central	4805	085569126	Transferencia Recibida  - De Jazmin Araceli Rimoli / - Var / 27363989212 	39.500,00	0,00
17/01/2026	0000	Casa Central	4805	088635743	Transferencia Recibida  - De Parrado/maria Del Carm / 0029582485 - Var / 27295824854 	1.500,00	0,00
17/01/2026	0000	Casa Central	4805	062302083	Transferencia Recibida  - De Tamara Sol Paklaian / - Var / 27351564232 	39.500,00	0,00
Saldo al 18/01/2026 791.026,08

18/01/2026 11:48:53


Últimos Movimientos

Cuenta Corriente en Pesos Nro. 009-016166/2

Fecha	Suc. Origen	Desc. Sucursal	Cod. Operativo	Referencia	Concepto	Importe Pesos	Saldo Pesos	
16/01/2026	0009	Bernal	4633	000010128	Impuesto Ley 25.413 Debito 0,6% 	(6.662,77)	689.679,68
16/01/2026	0009	Bernal	4637	000010127	Impuesto Ley 25.413 Credito 0,6% 	(865,20)	696.342,45
16/01/2026	0000	Casa Central	4805	049243864	Transferencia Recibida  - De Cintia Nazaret Sorriva / - Var / 27331992289 	18.400,00	697.207,65
16/01/2026	0000	Casa Central	4805	018866810	Transferencia Recibida  - De Santiago Rial / - Var / 20493695410 	2.000,00	678.807,65
16/01/2026	0000	Casa Central	4805	000133710	Transferencia Recibida  - De Fraquelli, Maria Ester / Varios - Var / 27063927126 	44.300,00	676.807,65
16/01/2026	0009	Bernal	1304	014223994	Compra Con Tarjeta De Debito  - Distribuidora El Barba - Tarj Nro. 0489 	(49.500,00)	632.507,65
16/01/2026	0000	Casa Central	4805	000649212	Transferencia Recibida  - De Brunengo, Carmen Agust / Varios - Var / 23108402334 	500,00	682.007,65
16/01/2026	0000	Casa Central	4805	000355777	Transferencia Recibida  - De Brunengo, Carmen Agust / Varios - Var / 23108402334 	45.000,00	681.507,65
16/01/2026	0000	Casa Central	4805	091065050	Transferencia Recibida  - De Nicole Yasmin Popowicz / - Var / 20425757750 	34.000,00	636.507,65
16/01/2026	0009	Bernal	1304	008440125	Compra Con Tarjeta De Debito  - Merpago*aysa - Tarj Nro. 0489 	(208.725,81)	602.507,65
16/01/2026	0000	Casa Central	4085	000249615	Debito Automatico  - Federacion Patro-0434286160000000160126 	(213.356,70)	811.233,46
16/01/2026	0000	Casa Central	4085	000173620	Debito Automatico  - Afip -30715880926 	(369.168,89)	1.024.590,16
16/01/2026	0000	Casa Central	4085	000133775	Debito Automatico  - Afip -27176810292 	(258.390,30)	1.393.759,05
16/01/2026	0000	Casa Central	4085	000082432	Debito Automatico  - Afip -27176810292 	(10.461,49)	1.652.149,35
15/01/2026	0009	Bernal	2002	000010118	Retencion Arba Alicuota J  - Resp:30715880926 / 0,80% Sobre $107.500,00 	(860,00)	1.662.610,84
15/01/2026	0009	Bernal	4637	000010113	Impuesto Ley 25.413 Credito 0,6% 	(645,00)	1.663.470,84
15/01/2026	0009	Bernal	4633	000010112	Impuesto Ley 25.413 Debito 0,6% 	(408,68)	1.664.115,84
15/01/2026	0000	Casa Central	4805	055712187	Transferencia Recibida  - De Melina Belen Apestegui / - Var / 27444916473 	25.500,00	1.664.524,52
15/01/2026	0000	Casa Central	4805	067176729	Transferencia Recibida  - De Alicia Gabriela Ibanez / - Var / 27229089973 	31.200,00	1.639.024,52
15/01/2026	0009	Bernal	1304	016003983	Compra Con Tarjeta De Debito  - Ypf Bernal - Tarj Nro. 0489 	(67.001,01)	1.607.824,52
15/01/2026	0000	Casa Central	4805	000036644	Transferencia Recibida  - De Richter, Claudia Adria / Varios - Var / 27161449704 	50.800,00	1.674.825,53
14/01/2026	0009	Bernal	2002	000010107	Retencion Arba Alicuota J  - Resp:30715880926 / 0,80% Sobre $138.950,00 	(1.111,60)	1.624.025,53
14/01/2026	0009	Bernal	4633	000010106	Impuesto Ley 25.413 Debito 0,6% 	(2.160,67)	1.625.137,13
14/01/2026	0009	Bernal	4637	000010105	Impuesto Ley 25.413 Credito 0,6% 	(833,70)	1.627.297,80
14/01/2026	0000	Casa Central	4805	094016450	Transferencia Recibida  - De Sciarrotta/pablo Ernes / 0031972936 - Var / 20319729365 	2.000,00	1.628.131,50
14/01/2026	0000	Casa Central	4805	015906697	Transferencia Recibida  - De Santiago Rial / - Var / 20493695410 	2.000,00	1.626.131,50
14/01/2026	0000	Casa Central	4805	019166889	Transferencia Recibida  - De Nadia Melina Arena / - Var / 27326743335 	16.500,00	1.624.131,50
14/01/2026	0000	Casa Central	4805	016163741	Transferencia Recibida  - De Matias Gustavo Leguiza / - Var / 20371785664 	17.000,00	1.607.631,50
14/01/2026	0000	Casa Central	4805	040226592	Transferencia Recibida  - De Elena Marta Sanchez / - Var / 27120828059 	22.150,00	1.590.631,50
14/01/2026	0000	Casa Central	4805	000130059	Transferencia Recibida  - De Alvarez,cesar / Transf - Fac / 20147014113 	44.300,00	1.568.481,50
14/01/2026	0009	Bernal	1304	011496197	Compra Con Tarjeta De Debito  - Merpago*osde - Tarj Nro. 0489 	(357.586,63)	1.524.181,50
14/01/2026	0000	Casa Central	4805	056634026	Transferencia Recibida  - De Micol Uhalde / - Var / 27466964943 	35.000,00	1.881.768,13
13/01/2026	0009	Bernal	2002	000010096	Retencion Arba Alicuota J  - Resp:30715880926 / 0,80% Sobre $315.700,00 	(2.525,60)	1.846.768,13
13/01/2026	0009	Bernal	4637	000010095	Impuesto Ley 25.413 Credito 0,6% 	(1.894,20)	1.849.293,73
13/01/2026	0009	Bernal	4633	000010094	Impuesto Ley 25.413 Debito 0,6% 	(1.777,97)	1.851.187,93
13/01/2026	0009	Bernal	1430	020318959	Transferencia Ctas Mobile Banking  - De Matias Alejandro Nieva / Varios - Var / 20401791893 	94.000,00	1.852.965,90
13/01/2026	0000	Casa Central	4805	009194898	Transferencia Recibida  - De Juan Agustin Vilar / - Var / 20439149389 	25.500,00	1.758.965,90
13/01/2026	0000	Casa Central	4805	000164209	Transferencia Recibida  - De Paterno, Thiago Javier / Varios - Var / 20482354581 	49.500,00	1.733.465,90
13/01/2026	0000	Casa Central	3413	058306524	Transf Recibida Cvu Dif Titular  - De Alma Nahir Ruggiero / Bind pagos /27457422003 	2.000,00	1.683.965,90
13/01/2026	0000	Casa Central	4805	000331892	Transferencia Recibida  - De Astigarraga,monica Lil / Transf - Var / 27142837825 	48.000,00	1.681.965,90
13/01/2026	0000	Casa Central	4805	000805240	Transferencia Recibida  - De Luddeni, Silvia Irene / Varios - Var / 27137172203 	34.000,00	1.633.965,90
13/01/2026	0000	Casa Central	4805	000093592	Transferencia Recibida  - De Lorenzo, Leticia Cinth / Varios - Var / 27260683727 	44.300,00	1.599.965,90
13/01/2026	0000	Casa Central	4805	098707441	Transferencia Recibida  - De Jesica Lorena Ramirez / - Var / 27257651571 	18.400,00	1.555.665,90
13/01/2026	0009	Bernal	1304	009033849	Compra Con Tarjeta De Debito  - Merpago*edesur - Tarj Nro. 0489 	(292.827,56)	1.537.265,90
12/01/2026	0009	Bernal	2002	000010084	Retencion Arba Alicuota J  - Resp:30715880926 / 0,80% Sobre $437.460,00 	(3.499,68)	1.830.093,46
12/01/2026	0009	Bernal	4633	000010083	Impuesto Ley 25.413 Debito 0,6% 	(1.062,65)	1.833.593,14
12/01/2026	0009	Bernal	4637	000010082	Impuesto Ley 25.413 Credito 0,6% 	(2.624,76)	1.834.655,79
12/01/2026	0000	Casa Central	4805	088820365	Transferencia Recibida  - De Xoana Analia Piriz / - Var / 27188862999 	10.800,00	1.837.280,55
12/01/2026	0000	Casa Central	4805	067968114	Transferencia Recibida  - De Schverdt/candela Rocio / - Var / 27418558909 	18.400,00	1.826.480,55
12/01/2026	0000	Casa Central	4805	003895259	Transferencia Recibida  - De Alejandro Ivan Schauvi / - Var / 23330784059 	25.500,00	1.808.080,55
12/01/2026	0000	Casa Central	4805	000729206	Transferencia Recibida  - De Romero,pamela Mariana / Transf - Alq / 24363365198 	41.000,00	1.782.580,55
12/01/2026	0000	Casa Central	4805	081850541	Transferencia Recibida  - De Maria Florencia Sosa / - Var / 23246908214 	44.500,00	1.741.580,55
12/01/2026	0000	Casa Central	4805	066923765	Transferencia Recibida  - De Santiago Rial / - Var / 20493695410 	28.500,00	1.697.080,55
12/01/2026	0009	Bernal	1430	012021442	Transferencia Ctas Mobile Banking  - De Rosa Cecilia Sparacio / Varios - Var / 27122149817 	15.000,00	1.668.580,55
12/01/2026	0000	Casa Central	4805	000925504	Transferencia Recibida  - De Gansievich, Beatriz No / Variospile - Var / 27121837760 	69.160,00	1.653.580,55
12/01/2026	0000	Casa Central	4805	002270433	Transferencia Recibida  - De Osvaldo Daniel Gimenez / - Var / 20319410393 	22.000,00	1.584.420,55
12/01/2026	0000	Casa Central	4805	004265417	Transferencia Recibida  - De Enrique Sedelli / - Var / 20077941372 	50.800,00	1.562.420,55
12/01/2026	0000	Casa Central	4805	076141208	Transferencia Recibida  - De Coria/miriam / 0026206490 - Var / 27262064900 	36.800,00	1.511.620,55
12/01/2026	0000	Casa Central	4805	070485861	Transferencia Recibida  - De Serrano/guillermo Ca / 0018101519 - Var / 20181015196 	35.500,00	1.474.820,55
12/01/2026	0000	Casa Central	4085	000354190	Debito Automatico  - Federacion Patro-0433804525000000120126 	(175.871,92)	1.439.320,55
10/01/2026	0000	Casa Central	4805	034178990	Transferencia Recibida  - De D/alessandro Jesica Ma / 0031642045 - Var / 27316420457 	39.500,00	1.615.192,47
09/01/2026	0009	Bernal	2002	000010067	Retencion Arba Alicuota J  - Resp:30715880926 / 0,80% Sobre $154.600,00 	(1.236,80)	1.575.692,47
09/01/2026	0009	Bernal	4637	000010066	Impuesto Ley 25.413 Credito 0,6% 	(927,60)	1.576.929,27
09/01/2026	0009	Bernal	4633	000010065	Impuesto Ley 25.413 Debito 0,6% 	(3.381,40)	1.577.856,87
09/01/2026	0000	Casa Central	4805	000495390	Transferencia Recibida  - De Sobrero, Maria Cristin / Varios - Var / 23162154974 	44.300,00	1.581.238,27
09/01/2026	0000	Casa Central	4805	000194022	Transferencia Recibida  - De Micheli, Nestor Hugo / Varios - Var / 20165332319 	30.400,00	1.536.938,27
09/01/2026	0000	Casa Central	4805	031702186	Transferencia Recibida  - De Monica Alcira Sanchez / - Var / 27126225089 	4.300,00	1.506.538,27
09/01/2026	0009	Bernal	1304	018446276	Compra Con Tarjeta De Debito  - Gd Carnes - Tarj Nro. 0489 	(20.711,00)	1.502.238,27
09/01/2026	0009	Bernal	1304	017374094	Compra Con Tarjeta De Debito  - Rapipago43299 - Tarj Nro. 0489 	(67.195,90)	1.522.949,27
09/01/2026	0009	Bernal	1304	017374463	Compra Con Tarjeta De Debito  - Rapipago43299 - Tarj Nro. 0489 	(44.519,00)	1.590.145,17
09/01/2026	0009	Bernal	1304	017362934	Compra Con Tarjeta De Debito  - Rapipago12534 - Tarj Nro. 0489 	(429.315,76)	1.634.664,17
09/01/2026	0000	Casa Central	4805	079475129	Transferencia Recibida  - De Maria Cecilia Esposito / - Var / 27370181514 	18.400,00	2.063.979,93
09/01/2026	0000	Casa Central	4805	020974480	Transferencia Recibida  - De Antonia Francisca Ponz / - Var / 27123329312 	44.300,00	2.045.579,93
09/01/2026	0000	Casa Central	4805	000944771	Transferencia Recibida  - De Galante,nadia Magali / Transf - Var / 27303074320 	12.900,00	2.001.279,93
08/01/2026	0009	Bernal	2002	000010054	Retencion Arba Alicuota J  - Resp:30715880926 / 0,80% Sobre $228.200,00 	(1.825,60)	1.988.379,93
08/01/2026	0009	Bernal	4637	000010053	Impuesto Ley 25.413 Credito 0,6% 	(1.369,20)	1.990.205,53
08/01/2026	0009	Bernal	4633	000010052	Impuesto Ley 25.413 Debito 0,6% 	(6,66)	1.991.574,73
08/01/2026	0000	Casa Central	4805	028987600	Transferencia Recibida  - De Castano/nadia Soledad / 0029498075 - Var / 27294980755 	33.800,00	1.991.581,39
08/01/2026	0000	Casa Central	4805	000935656	Transferencia Recibida  - De Seijo Varese, Andrea L / Varios - Var / 27177890923 	24.500,00	1.957.781,39
08/01/2026	0000	Casa Central	4805	050668234	Transferencia Recibida  - De Alicia Gabriela Ibanez / - Var / 27229089973 	20.100,00	1.933.281,39
08/01/2026	0000	Casa Central	4805	000862687	Transferencia Recibida  - De Costa, Natalia / Varios - Var / 27324615046 	35.500,00	1.913.181,39
08/01/2026	0000	Casa Central	4805	018029995	Transferencia Recibida  - De Leila Abril Benitez Ma / - Var / 27411079037 	1.900,00	1.877.681,39
08/01/2026	0000	Casa Central	4805	026102056	Transferencia Recibida  - De Maria De Los Angeles P / - Var / 27226810833 	44.500,00	1.875.781,39
08/01/2026	0000	Casa Central	4805	000816633	Transferencia Recibida  - De Piedras, Ada Beatriz / Z - Var / 27049613380 	49.500,00	1.831.281,39
08/01/2026	0009	Bernal	1430	009462304	Transferencia Ctas Mobile Banking  - De Francisco Pablo Espada / Varios - Var / 20370345822 	18.400,00	1.781.781,39
07/01/2026	0009	Bernal	2002	000010043	Retencion Arba Alicuota J  - Resp:30715880926 / 0,80% Sobre $138.700,00 	(1.109,60)	1.763.381,39
07/01/2026	0009	Bernal	4637	000010042	Impuesto Ley 25.413 Credito 0,6% 	(832,20)	1.764.490,99
07/01/2026	0009	Bernal	4633	000010041	Impuesto Ley 25.413 Debito 0,6% 	(4.338,73)	1.765.323,19
07/01/2026	0000	Casa Central	4805	040150738	Transferencia Recibida  - De Valeria Magnaldi / - Var / 27252684536 	41.800,00	1.769.661,92
07/01/2026	0000	Casa Central	4805	008911425	Transferencia Recibida  - De Nadia Melina Arena / - Var / 27326743335 	33.800,00	1.727.861,92
07/01/2026	0000	Casa Central	4805	000956051	Transferencia Recibida  - De Alegre,ona Carolina / Transf - Var / 27459100151 	25.500,00	1.694.061,92
07/01/2026	0000	Casa Central	4805	043769929	Transferencia Recibida  - De Ruben Galluppo / - Var / 20121837324 	37.600,00	1.668.561,92
07/01/2026	0009	Bernal	0824	004294568	Transferencia Realizada  - A Las Golondrinas B Cerra / Factura - Fac / 30714276146 	(720.001,00)	1.630.961,92
06/01/2026	0009	Bernal	2002	000010035	Retencion Arba Alicuota J  - Resp:30715880926 / 0,80% Sobre $390.000,00 	(3.120,00)	2.350.962,92
06/01/2026	0009	Bernal	4633	000010034	Impuesto Ley 25.413 Debito 0,6% 	(466,21)	2.354.082,92
06/01/2026	0009	Bernal	4637	000010033	Impuesto Ley 25.413 Credito 0,6% 	(2.340,00)	2.354.549,13
06/01/2026	0000	Casa Central	4805	000285930	Transferencia Recibida  - De Fassola,juliana / Enero - Var / 23310337064 	35.500,00	2.356.889,13
06/01/2026	0000	Casa Central	4805	023405683	Transferencia Recibida  - De Camila Gonzalez Poli / - Var / 23417575324 	35.500,00	2.321.389,13
06/01/2026	0000	Casa Central	4805	019828053	Transferencia Recibida  - De Santiago Rial / - Var / 20493695410 	2.000,00	2.285.889,13
06/01/2026	0000	Casa Central	4805	058582838	Transferencia Recibida  - De Pablo Nicolas Nasuti / - Var / 20332301536 	33.800,00	2.283.889,13
06/01/2026	0000	Casa Central	4805	032187398	Transferencia Recibida  - De Regueira/nicole Mariel / 0039115111 - Var / 27391151119 	49.500,00	2.250.089,13
06/01/2026	0000	Casa Central	4805	049189056	Transferencia Recibida  - De Gabriela Alejandra Fra / - Var / 27343044807 	18.400,00	2.200.589,13
06/01/2026	0000	Casa Central	4805	000469744	Transferencia Recibida  - De Corbisiero, Mariana Ce / Varios - Var / 27262727314 	50.800,00	2.182.189,13
06/01/2026	0000	Casa Central	4805	095446853	Transferencia Recibida  - De Monica Alcira Sanchez / - Var / 27126225089 	40.000,00	2.131.389,13
06/01/2026	0000	Casa Central	4805	072340055	Transferencia Recibida  - De Nicolas Ruben Solis / - Var / 24431989332 	25.500,00	2.091.389,13
06/01/2026	0000	Casa Central	4805	054346310	Transferencia Recibida  - De Oscar Leonardo Scuderi / - Var / 20173037962 	28.500,00	2.065.889,13
06/01/2026	0000	Casa Central	4805	000418007	Transferencia Recibida  - De Arena, Sabrina Laura / Natacion - Cuo / 23262731464 	49.500,00	2.037.389,13
06/01/2026	0000	Casa Central	4805	016653457	Transferencia Recibida  - De Julieta Urtasun / - Var / 27345202221 	21.000,00	1.987.889,13
06/01/2026	0009	Bernal	1304	022423911	Compra Con Tarjeta De Debito  - Merpago*metrogas - Tarj Nro. 0489 	(72.552,36)	1.966.889,13
05/01/2026	0009	Bernal	2002	000010020	Retencion Arba Alicuota J  - Resp:30715880926 / 0,80% Sobre $643.650,00 	(5.149,20)	2.039.441,49
05/01/2026	0009	Bernal	4633	000010019	Impuesto Ley 25.413 Debito 0,6% 	(856,16)	2.044.590,69
05/01/2026	0009	Bernal	4637	000010018	Impuesto Ley 25.413 Credito 0,6% 	(3.861,90)	2.045.446,85
05/01/2026	0000	Casa Central	4805	024346734	Transferencia Recibida  - De Aldana Desiree Delgado / - Var / 27389920113 	41.500,00	2.049.308,75
05/01/2026	0000	Casa Central	4805	062596678	Transferencia Recibida  - De Rosa Carmen Aprile / - Var / 23106115184 	44.300,00	2.007.808,75
05/01/2026	0000	Casa Central	4805	065857786	Transferencia Recibida  - De Carolina Debora Florez / - Var / 27169181956 	58.900,00	1.963.508,75
05/01/2026	0009	Bernal	1430	011516044	Transferencia Ctas Mobile Banking  - De Rosa Cecilia Sparacio / Varios - Var / 27122149817 	15.000,00	1.904.608,75
05/01/2026	0000	Casa Central	4805	048349578	Transferencia Recibida  - De Xoana Analia Piriz / - Var / 27188862999 	134.400,00	1.889.608,75
05/01/2026	0000	Casa Central	3413	067980421	Transf Recibida Cvu Dif Titular  - De Pablo Sergio Revello / Personal Pay /20131303301 	21.000,00	1.755.208,75
05/01/2026	0000	Casa Central	3413	072604221	Transf Recibida Cvu Dif Titular  - De Pablo Sergio Revello / Personal Pay /20131303301 	21.000,00	1.734.208,75
05/01/2026	0000	Casa Central	4805	000066332	Transferencia Recibida  - De Botet, Maria Alicia / Varios - Var / 27114581602 	56.300,00	1.713.208,75
05/01/2026	0000	Casa Central	4805	076288448	Transferencia Recibida  - De Maria Cristina Diaz / - Var / 27115537321 	43.000,00	1.656.908,75
05/01/2026	0009	Bernal	1430	008473648	Transferencia Ctas Mobile Banking  - De Hernan Agustin Nobile / Varios - Var / 20316069623 	21.000,00	1.613.908,75
05/01/2026	0000	Casa Central	4805	061281535	Transferencia Recibida  - De Iglesias Maria Lucila / Natac Lunes - Cuo / 27111540131 	67.450,00	1.592.908,75
05/01/2026	0000	Casa Central	4085	000077645	Debito Automatico  - Personal Flow Da-1003248401910001 	(45.706,50)	1.525.458,75
05/01/2026	0009	Bernal	1304	020165059	Compra Con Tarjeta De Debito  - Carrefour Quilmes - Tarj Nro. 0489 	(43.437,60)	1.571.165,25
05/01/2026	0009	Bernal	1304	018786331	Compra Con Tarjeta De Debito  - Merpago*soytufarmacia - Tarj Nro. 0489 	(52.074,09)	1.614.602,85
04/01/2026	0000	Casa Central	4805	000491302	Transferencia Recibida  - De Sandra Marcela De Bock / - Var / 27182612648 	45.300,00	1.666.676,94
03/01/2026	0000	Casa Central	4805	088714492	Transferencia Recibida  - De Lagos Martin Ezequiel / 0036440246 - Var / 20364402466 	39.500,00	1.621.376,94
03/01/2026	0000	Casa Central	4805	000665669	Transferencia Recibida  - De Moreyra, Yanina Denise / Varios - Var / 27367614213 	35.000,00	1.581.876,94
02/01/2026	0009	Bernal	2002	000009999	Retencion Arba Alicuota J  - Resp:30715880926 / 0,80% Sobre $126.800,00 	(1.014,40)	1.546.876,94
02/01/2026	0009	Bernal	1582	000009998	Retencion Arba Alicuota H  - Resp:30715880926 / 0,60% Sobre $76.800,00 	(460,80)	1.547.891,34
02/01/2026	0009	Bernal	4633	000009997	Impuesto Ley 25.413 Debito 0,6% 	(4.813,28)	1.548.352,14
02/01/2026	0009	Bernal	4637	000009996	Impuesto Ley 25.413 Credito 0,6% 	(1.221,60)	1.553.165,42
02/01/2026	0000	Casa Central	4805	036456759	Transferencia Recibida  - De Codina/ Jose Antoni / 0007823436 - Var / 23078234369 	56.300,00	1.554.387,02
02/01/2026	0009	Bernal	1304	016560131	Compra Con Tarjeta De Debito  - Ypf Bernal - Tarj Nro. 0489 	(70.007,08)	1.498.087,02
02/01/2026	0000	Casa Central	4805	000774032	Transferencia Recibida  - De Rosset Ottonelli, Mara / Varios - Var / 27407707082 	28.500,00	1.568.094,10
02/01/2026	0009	Bernal	1430	011038802	Transferencia Ctas Mobile Banking  - De Rosa Cecilia Sparacio / Varios - Var / 27122149817 	21.000,00	1.539.594,10
02/01/2026	0000	Casa Central	4805	034786695	Transferencia Recibida  - De Ivana Karpenco / - Var / 27357928988 	21.000,00	1.518.594,10
02/01/2026	0000	Casa Central	4085	000377388	Debito Automatico  - Federacion Patro-2501143088000000271225 	(151.502,00)	1.497.594,10
02/01/2026	0000	Casa Central	4085	000375127	Debito Automatico  - Federacion Patro-1800655389000000281225 	(489,02)	1.649.096,10
02/01/2026	0009	Bernal	2822	076593641	Transferencia Inmediata  - A Romina Leandra Rossi / - Var / 27282642722 	(520.000,00)	1.649.585,12
02/01/2026	0009	Bernal	1304	009587403	Compra Con Tarjeta De Debito  - Rsi*chunjin Lin - Tarj Nro. 0489 	(35.060,00)	2.169.585,12
02/01/2026	0009	Bernal	1304	016102891	Compra Con Tarjeta De Debito  - Yo Mujer - Tarj Nro. 0489 	(24.500,00)	2.204.645,12

18/01/2026 11:48:53